@misc{wokwi,
	title        = {Wokwi},
	author       = {Wokwi},
	year         = 2025,
	note         = {Visitato il: 23/04/2025},
	howpublished = {\url{https://wokwi.com/}}
}

@misc{platformio,
	title        = {PlatformIO},
	author       = {PlatformIO},
	year         = 2025,
	note         = {Visitato il: 23/04/2025},
	howpublished = {\url{https://platformio.org/}}
}